@Article{Abe,
  Title                    = {Whitehead groups of {C}hevalley groups over polynomial rings},
  Author                   = {Abe, Eiichi},
  Journal                  = {Comm. Algebra},
  Year                     = {1983},
  Number                   = {12},
  Pages                    = {1271-1307},
  Volume                   = {11},
  Doi                      = {10.1080/00927878308822906}}
  
@online{AHW15,
  title                    = {Affine representability results in $\mathbb{A}^1$-homotopy theory II: principal bundles and homogeneous spaces},
  author                   = {Asok, Aravind and Hoyois, Marc and Wendt, Matthias},
  archivePrefix            = "arXiv",
  eprint                   = "1507.08020",
  primaryClass             = "math.AG", 
  year                     = {2015}}

@Article{Deo,
  Title                    = {On central extensions of rational points of algebraic groups},
  Author                   = {Deodhar, Vinay V.},
  Journal                  = {Amer. J. Math.},
  Year                     = {1978},
  Pages                    = {303--386},
  Doi                      = {10.2307/2373853}}
  
@book{HOM,
  Title			   = {The classical groups and $K$-theory},
  Author		   = {Hahn, Alexander J. and O'Meara, Timothy},
  Year			   = {1989},
  Publisher		   = {Springer}
}  
  
@Article{J,
  Title                    = {On the homotopy groups of algebraic groups},
  Author                   = {Jardine, John Frederick},
  Journal                  = {J. Algebra},
  Year                     = {1983},
  Number                   = {1},
  Pages                    = {180--201},
  Volume                   = {81},
  Doi                      = {10.1016/0021-8693(83)90215-6}}
  
@Article{Ka,
  Title	                   = {Another presentation for {S}teinberg groups},
  Author                   = {\VAN{Kallen}{van~der} Kallen, Wilberd},
  Journal                  = {Indag. Math.},
  Volume                   = {80},
  Number                   = {4},
  Pages                    = {304--312},
  Year                     = {1977},
  Doi                      = {10.1016/1385-7258(77)90026-9}} 

@online{La15,
  Title                    = {Local-global principle for symplectic $K_2$},
  Author                   = {Lavrenov, Andrei},
  Year                     = {2015}} 
  
@online{Re75,
  Title                    = {Pr\"asentationen von Chevalleygruppen \"uber $k[t]$},
  Author                   = {Rehmann, Ulf},    
  Year                     = {1975},  
  Url                      = {http://www.math.uni-bielefeld.de/~rehmann/Publ/praesentation.pdf}}
  
@Article{S15,
  Title                    = {On centrality of $K_2$ for {C}hevalley groups of type $\mathsf{E}_\ell$ },
  Author                   = {Sinchuk, Sergey},
  Journal                  = {J. Pure Appl. Algebra},
  Year                     = {2016},
  Number                   = {2},
  Pages                    = {857--875},
  Volume                   = {220},
  Doi                      = {10.1016/j.jpaa.2015.08.003}}  
  
@Article{St-poly,
  Title                    = {Homotopy invariance of non-stable $K_1$-functors},
  Author                   = {Stavrova, Anastasia},
  Journal                  = {J. K-theory},
  Year                     = {2014},
  Number                   = {2},
  Pages                    = {199--248},
  Volume                   = {13},
  Doi                      = {10.1017/is013006012jkt232}}
  
@Article{St-serr,
  Title                    = {Non-stable $K_1$-functors of multiloop groups},
  Author                   = {Stavrova, Anastasia},
  Journal                  = {Canad. J. Math.},
  Year                     = {2014},
  Doi                      = {10.4153/CJM-2015-035-2}}

@Book{St-lect,  
  Title			   = {Lectures on Chevalley groups},
  Author		   = {Steinberg, Robert and Faulkner, John and Wilson, Robert},
  Year			   = {1967},
  Publisher		   = {Yale University New Haven}}
  
@Article{Su,
  Title                    = {On the structure of the special linear group over commutative rings},
  Author                   = {Suslin, Andrei},
  Journal                  = {Math. USSR Izv.},
  Year                     = {1977},
  Pages                    = {221--238},
  Volume                   = {11},
  Doi                      = {10.1070/IM1977v011n02ABEH001709}}
  
@Article{Tu,
  Title                    = {The {S}teinberg group of a polynomial ring},
  Author                   = {Tulenbaev, Marat},
  Journal                  = {Math. USSR Sb.},
  Year                     = {1983},
  Pages                    = {131--144},
  Volume                   = {45},
  Doi                      = {10.1070/SM1983v045n01ABEH002591}}
  
@online{VW,
  Title                    = {On $\mathbb{A}^1$-fundamental groups of isotropic reductive groups},
  Author                   = {V\"olkel, Konrad and Wendt, Matthias},
  archivePrefix            = "arXiv",
  eprint                   = "1207.2364",
  primaryClass             = "math.KT", 
  Year                     = {2012}}
  
@Book{Kbook,
  Title			   = {The $K$-book: An introduction to algebraic $K$-theory},
  Author		   = {Weibel, Charles A},
  Volume		   = {145},
  Year			   = {2013},
  Publishe		   = {Amer. Math. Soc.}}
  
@Article{W-k[t],
  Title                    = {On homology of linear groups over $k[t]$},
  Author                   = {Wendt, Matthias},
  Journal                  = {Math. Res. Lett.},
  Year                     = {2014},
  Number                   = {6},
  Volume                   = {21},
  Doi                      = {10.4310/MRL.2014.v21.n6.a15}}  

  