@Inproceedings{RS76,
  Title                    = {Finitely presented groups of matrices},
  Author                   = {Rehmann, Ulf and Soul{\'e}, Christophe},
  Booktitle                = {Algebraic K-Theory},
  Publisher                = {Springer},
  Year                     = {1976},
  Pages                    = {164--169},
  Series                   = {Lect. Notes. Math.},
  Volume                   = {551},
  Doi                      = {10.1007/BFb0079999}}
  
@Article{R75,
  Title                    = {Pr{\"a}sentationen von Chevalley-Gruppen {\"u}ber $k[t]$},
  Author                   = {Rehmann, Ulf},
  Journal                  = {Preprint Univ. Bielefeld},
  Year                     = {1975},    
  Url                      = {http://www.math.uni-bielefeld.de/~rehmann/Publ/praesentation.pdf}}
  
@Article{Tu,
  Title                    = {The {S}teinberg group of a polynomial ring},
  Author                   = {Tulenbaev, Marat},
  Journal                  = {Math. USSR Sb.},
  Year                     = {1983},
  Pages                    = {131--144},
  Volume                   = {45},
  Doi                      = {10.1070/SM1983v045n01ABEH002591}}
